@misc{gnuradio,
title = {{GNU Radio}},
howpublished = "\url{http://gnuradio.org}",
}

@misc{oprofile,
title = {OProfile, a system-wide profiler for Linux Systems},
howpublished = "\url{http://oprofile.sourceforge.net/about}",
}

@misc{openair,
title = {OpenAirInterface},
howpublished = "\url{http://www.openairinterface.org/}",
}

@article{schmidl-cox,
author={Schmidl, T.M. and Cox, D.C.},
journal={Communications, IEEE Transactions on},
title={Robust frequency and timing synchronization for OFDM},
year={1997},
}

@article{awoseyila,
author={Awoseyila, A.B. and Kasparis, C. and Evans, B.G.},
journal={Consumer Electronics, IEEE Transactions on},
title={Robust time-domain timing and frequency synchronization for OFDM systems},
year={2009},
}

@article{mmse-equalizer,
author={Parsace, G.R. and Yarali, A. and Ebrahimzad, H.},
journal={Vehicular Technology Conference, 2004.},
title={MMSE-DFE equalizer design for OFDM systems with insufficient cyclic prefix},
year={2004},
}

@misc{channel-estimator,
title = {Channel Estimation in OFDM Systems - Application Note},
author={Shen, Yushi and Martinez, Ed},
year={2006},
howpublished = "\url{application-notes.digchip.com/314/314-66330.pdf}",
}

@misc{volk-benchmark,
title = {Benchmarking VOLK in GNU Radio},
author={Rondeau, Tom},
year={2012},
howpublished = "\url{http://www.trondeau.com/blog/2012/2/17/volk-benchmarking.html}",
}
